@book{Bandourian2002,
author = {Bandourian, Ripsy and McDonald, James B and Turley, Robert S},
publisher = {Maxwell School of Citizenship and Public Affairs, Syracuse University},
title = {{A comparison of parametric models of income distribution across countries and over time}},
year = {2002}
}
