@book{HHS2013,
  title={Child Welfare Outcomes 2008-2011-Report to Congress.},
  author={{US Department of Health and Human Services}},
  year={2013},
  publisher={Author}
}

@book{Murdoch2006,
  title={Imagined orphans: Poor families, child welfare, and contested citizenship in London},
  author={Murdoch, Lydia},
  year={2006},
  publisher={Rutgers University Press}
}

@article{Stuebe2010,
  title={Duration of lactation and maternal metabolism at 3 years postpartum},
  author={Stuebe, Alison M and Kleinman, Ken and Gillman, Matthew W and Rifas-Shiman, Sheryl L and Gunderson, Erica P and Rich-Edwards, Janet},
  journal={Journal of Women's Health},
  volume={19},
  number={5},
  pages={941--950},
  year={2010},
  publisher={Mary Ann Liebert, Inc. 140 Huguenot Street, 3rd Floor New Rochelle, NY 10801 USA}
}

@book{Bandourian2002,
  title={A comparison of parametric models of income distribution across countries and over time},
  author={Bandourian, Ripsy and McDonald, James B and Turley, Robert S},
  year={2002},
  publisher={Maxwell School of Citizenship and Public Affairs, Syracuse University}
}

@article{Hoeting1999,
  title={Bayesian model averaging: a tutorial},
  author={Hoeting, Jennifer A and Madigan, David and Raftery, Adrian E and Volinsky, Chris T},
  journal={Statistical science},
  pages={382--401},
  year={1999},
  publisher={JSTOR}
}

@article{Regalado2004,
author = {Regalado, Michael and Sareen, Harvinder and Inkelas, Moira and Wissow, Lawrence S. and Halfon, Neal}, 
title = {Parents' Discipline of Young Children: Results From the National Survey of Early Childhood Health},
volume = {113}, 
number = {Supplement 5}, 
pages = {1952-1958}, 
year = {2004}, 
journal = {Pediatrics} 
}

@Manual{Bogetoft2013,
  title = {Benchmarking with DEA and SFA},
  author = {Peter Bogetoft and Lars Otto},
  year = {2013},
  note = {R package version 0.23},
}

@article{Raftery2009,
  title={BMA: Bayesian model averaging. R package version 3.12},
  author={Raftery, Adrian and Hoeting, Jennifer and Volinsky, Chris and Painter, Ian and Yeung, Ka Yee},
  journal={URL: http://CRAN. R-project. org/package= BMA},
  year={2009}
}

@book{Bogetoft2010,
  title={Benchmarking with DEA, SFA, and R},
  author={Bogetoft, Peter and Otto, Lars},
  volume={157},
  year={2010},
  publisher={Springer}
}

@article{Taylor2010,
  title={Mothers' spanking of 3-year-old children and subsequent risk of children's aggressive behavior},
  author={Taylor, Catherine A and Manganello, Jennifer A and Lee, Shawna J and Rice, Janet C},
  journal={Pediatrics},
  volume={125},
  number={5},
  pages={e1057--e1065},
  year={2010},
  publisher={Am Acad Pediatrics}
}

@article{Gershoff2002,
  title={Corporal punishment by parents and associated child behaviors and experiences: a meta-analytic and theoretical review.},
  author={Gershoff, Elizabeth Thompson},
  journal={Psychological bulletin},
  volume={128},
  number={4},
  pages={539},
  year={2002},
  publisher={American Psychological Association}
}

@article{Farrell1957,
  title={The measurement of productive efficiency},
  author={Farrell, Michael J},
  journal={Journal of the Royal Statistical Society. Series A (General)},
  pages={253--290},
  year={1957},
  publisher={JSTOR}
}

@article{Gorman1976,
  title={Tricks with utility functions},
  author={Gorman, William M},
  journal={Essays in economic analysis},
  pages={211--243},
  year={1976},
  publisher={Cambridge: Cambridge University Press}
}

@article{Roy1947,
  title={La distribution du revenu entre les divers biens},
  author={Roy, Ren{\'e}},
  journal={Econometrica, Journal of the Econometric Society},
  pages={205--225},
  year={1947},
  publisher={JSTOR}
}

@incollection{Chiappori2011,
  title={Nonunitary Models of Household Behavior: A Survey of the Literature},
  author={Donni, Olivier and Chiappori, Pierre-Andr{\'e}},
  booktitle={Household economic behaviors},
  pages={1--40},
  year={2011},
  publisher={Springer}
}

@article{Kempe1962,
  title={The Battered Child Syndrome},
  author={Kempe, CH and Silverman, FM and Steele, BF and Droegmuellar, W},
  journal={The Journal of American Medical Association},
  volume={181},
  pages={4--11},
  year={1962}
}

@article{Berger2009,
  title={Income and child development},
  author={Berger, Lawrence M and Paxson, Christina and Waldfogel, Jane},
  journal={Children and Youth Services Review},
  volume={31},
  number={9},
  pages={978--989},
  year={2009},
  publisher={Elsevier}
}

@article{Fein2003,
  title={The impacts of welfare reform on child maltreatment in Delaware},
  author={Fein, David J and Lee, Wang S},
  journal={Children and Youth Services Review},
  volume={25},
  number={1},
  pages={83--111},
  year={2003},
  publisher={Elsevier}
}

@article{Cancian2013,
  title={The Effect of Additional Child Support Income on the Risk of Child Maltreatment},
  author={Cancian, Maria and Yang, Mi-Youn and Slack, Kristen S},
  journal={Social Service Review},
  volume={87},
  number={3},
  pages={417--437},
  year={2013},
  publisher={JSTOR}
}

@book{Cameron2006,
  title={Towards positive systems of child and family welfare: International comparisons of child protection, family service, and community caring systems},
  author={Cameron, Gary and Freymond, Nancy},
  year={2006},
  publisher={University of Toronto Press}
}

@article{Slack2007,
  title={Do welfare sanctions increase child protection system involvement? A cautious answer},
  author={Slack, Kristen S and Lee, Bong Joo and Berger, Lawrence M},
  journal={Social Service Review},
  volume={81},
  number={2},
  pages={207--228},
  year={2007},
  publisher={JSTOR}
}

@article{Courtney2005,
  title={Involvement of TANF applicant families with child welfare services},
  author={Courtney, Mark E and Dworsky, Amy and Piliavin, Irving and Zinn, Andrew},
  journal={Social Service Review},
  volume={79},
  number={1},
  pages={119--157},
  year={2005},
  publisher={JSTOR}
}


@book{Train1986,
  title={Qualitative choice analysis: Theory, econometrics, and an application to automobile demand},
  author={Train, Kenneth},
  volume={10},
  year={1986},
  publisher={MIT press}
}



@article{BergerAndWoldfogel2004,
  title={Out-of-home placement of children and economic factors: An empirical analysis},
  author={Berger, Lawrence M and Waldfogel, Jane},
  journal={Review of Economics of the Household},
  volume={2},
  number={4},
  pages={387--411},
  year={2004},
  publisher={Springer}
}

@article{Paxson2002,
  title={Work, welfare, and child maltreatment},
  author={Paxson, Christina and Waldfogel, Jane},
  journal={Journal of Labor Economics},
  volume={20},
  number={3},
  pages={435--474},
  year={2002},
  publisher={JSTOR}
}

@article{Berger2008,
  title={First-year maternal employment and child outcomes: Differences across racial and ethnic groups},
  author={Berger, Lawrence and Brooks-Gunn, Jeanne and Paxson, Christina and Waldfogel, Jane},
  journal={Children and Youth Services Review},
  volume={30},
  number={4},
  pages={365--387},
  year={2008},
  publisher={Elsevier}
}

@article{Stith2009,
  title={Risk factors in child maltreatment: A meta-analytic review of the literature},
  author={Stith, Sandra M and Liu, Ting and Davies, L Christopher and Boykin, Esther L and Alder, Meagan C and Harris, Jennifer M and Som, Anurag and McPherson, Mary and Dees, JEMEG},
  journal={Aggression and violent behavior},
  volume={14},
  number={1},
  pages={13--29},
  year={2009},
  publisher={Elsevier}
}

@article{Sedlak1996,
  title={The national incidence study of child abuse and neglect},
  author={Sedlak, Andrea J and Broadhurst, Diane D},
  journal={Washington DC. US Department of Health and Human Services},
  year={1996}
}

@book{Russell1984,
  title={Trends in child abuse and neglect: A national perspective},
  author={Russell, Alene Bycer and Trainor, Cynthia Mohr},
  year={1984},
  publisher={American Humane Association, Children's Division}
}

@article{Pelton1994,
  title={The role of material factors in child abuse and neglect},
  author={Pelton, Leroy H},
  journal={Protecting children from abuse and neglect: Foundations for a new national strategy},
  pages={131--181},
  year={1994},
  publisher={New York: Guilford Press}
}

@book{Pelton1981,
  title={The social context of child abuse and neglect},
  author={Pelton, Leroy H},
  year={1981},
  publisher={Human Sciences Press New York}
}

@article{Mani2013,
  title={Poverty impedes cognitive function},
  author={Mani, Anandi and Mullainathan, Sendhil and Shafir, Eldar and Zhao, Jiaying},
  journal={science},
  volume={341},
  number={6149},
  pages={976--980},
  year={2013},
  publisher={American Association for the Advancement of Science}
}

@article{Paxton2012,
  title={Reflection and reasoning in moral judgment},
  author={Paxton, Joseph M and Ungar, Leo and Greene, Joshua D},
  journal={Cognitive Science},
  volume={36},
  number={1},
  pages={163--177},
  year={2012},
  publisher={Wiley Online Library}
}

@article{Suter2011,
  title={Time and moral judgment},
  author={Suter, Renata S and Hertwig, Ralph},
  journal={Cognition},
  volume={119},
  number={3},
  pages={454--458},
  year={2011},
  publisher={Elsevier}
}

@article{Ho2014,
  title={Empathy and Stress Related Neural Responses in Maternal Decision Making},
  author={Ho, S Shaun and Konrath, Sara and Brown, Stephanie and Swain, James E},
  journal={Decision Neuroscience},
  volume={8},
  pages={152},
  year={2014},
  publisher={Frontiers}
}

@article{Belsky1991,
  title={Childhood experience, interpersonal development, and reproductive strategy: An evolutionary theory of socialization},
  author={Belsky, Jay and Steinberg, Laurence and Draper, Patricia},
  journal={Child development},
  volume={62},
  number={4},
  pages={647--670},
  year={1991},
  publisher={Wiley Online Library}
}

@book{Baumrind1995,
  title={Child maltreatment and optimal caregiving in social contexts.},
  author={Baumrind, Diana},
  year={1995},
  publisher={Garland Publishing}
}

@article{Baumrind1993,
  title={The average expectable environment is not good enough: A response to Scarr},
  author={Baumrind, Diana},
  journal={Child Development},
  volume={64},
  number={5},
  pages={1299--1317},
  year={1993},
  publisher={Wiley Online Library}
}

@book{Ford2009,
  title={Treating complex traumatic stress disorders: An evidence-based guide},
  author={Ford, Julian D and Courtois, Christine A},
  year={2009},
  publisher={Guilford New York}
}

@article{Greene2014,
  title={Beyond point-and-shoot morality: Why cognitive (neuro) science matters for ethics},
  author={Greene, Joshua D},
  volume={124},
  number={4},
  pages={695--726},
  year={2014},
  journal={Ethics}
}


@article{BarroEtAl1986,
  author={R. J. Barro and G. S. Becker and N. Tomes},
	year={1986},
	title={Human Capital and the Rise and Fall of Families},
	journal={Journal of Labor Economics},
	volume={4},
	number={3}
}

@book{TestaAndPoertner2010,
  author={M. Testa and J. Poertner},
	year={2010},
	title={Fostering accountability: Using evidence to guide and improve child welfare policy},
	publisher={Oxford Univ Pr}
}

@book{Milner1998,
  title={Hardness of heart/hardness of life: the stain of human infanticide},
  author={Milner, Larry Stephen},
  year={1998},
  publisher={University Press of America}
}

@book{Daly1988,
  title={Homicide},
  author={Daly, Martin and Wilson, Margo},
  year={1988},
  publisher={Transaction Publishers}
}

@book{Chagnon1983,
  title={Yanomam{\"o}: The Fierce People. New York: Holt, Rinehart and Winston. 1991 Yanomam{\"o}: The Last Days of Eden},
  author={Chagnon, Napoleon A},
  year={1983},
  publisher={San Diego: Harcourt Brace}
}


@book{Gil1970,
  title={Violence against children: Physical child abuse in the United States},
  author={Gil, David G},
  year={1970},
  publisher={Harvard University Press Cambridge, MA}
}

@book{Dawkins1976,
  title={The selfish gene},
  author={Dawkins, Richard},
  year={1976},
  publisher={Oxford university press}
}

@article{Burgess1978,
  title={Family interaction in abusive, neglectful, and normal families},
  author={Burgess, Robert L and Conger, Rand D},
  journal={Child development},
  pages={1163--1173},
  year={1978},
  publisher={JSTOR}
}

@article{Sedlak2010,
  title={Fourth national incidence study of child abuse and neglect (NIS-4)},
  author={Sedlak, Andrea J and Mettenburg, Jane and Basena, Monica and Peta, I and McPherson, Karla and Greene, A and others},
  journal={Washington, DC: US Department of Health and Human Services. Retrieved on July},
  volume={9},
  pages={2010},
  year={2010}
}

@article{Runyan2005,
  title={Describing maltreatment: do child protective service reports and research definitions agree?},
  author={Runyan, Desmond K and Cox, Christine E and Dubowitz, Howard and Newton, Rae R and Upadhyaya, Mukund and Kotch, Jonathan B and Leeb, Rebecca T and Everson, Mark D and Knight, Elizabeth D},
  journal={Child abuse \& neglect},
  volume={29},
  number={5},
  pages={461--477},
  year={2005},
  publisher={Elsevier}
}

@book{Nelson1986,
  title={Making an issue of child abuse: Political agenda setting for social problems},
  author={Nelson, Barbara J},
  year={1986},
  publisher={University of Chicago Press}
}

@book{Leeb2008,
  title={Child maltreatment surveillance: Uniform definitions for public health and recommended data elements},
  author={Leeb, Rebecca T},
  year={2008},
  publisher={Centers for Disease Control and Prevention, National Center for Injury Prevention and Control}
}

@article{Blundell2007,
  title={Collective labour supply: Heterogeneity and non-participation},
  author={Blundell, Richard and Chiappori, Pierre-Andre and Magnac, Thierry and Meghir, Costas},
  journal={The Review of Economic Studies},
  volume={74},
  number={2},
  pages={417--445},
  year={2007},
  publisher={Oxford University Press}
}

@article{Sodian2004,
  title={Do infants apply the principle of rational action to human agents?},
  author={Sodian, Beate and Schoeppner, Barbara and Metz, Ulrike},
  journal={Infant Behavior and Development},
  volume={27},
  number={1},
  pages={31--41},
  year={2004},
  publisher={Elsevier}
}

@misc{TrocmeEtAl2007,
  title = {Injuries and death of children at the hands of their parents},
  author={Trocm{\'e}, Nico and Lajoie, Jules and Fallon, Barbara and Felstiner, Caroline},
  howpublished = {\url{http://cwrp.ca/sites/default/files/publications/en/Injuries57E.pdf}},
  year={2007},
  note = {Accessed: 2014-02-01}
}

@book{TrocmeEtAl2010,
  title={Canadian incidence study of reported child abuse and neglect, 2008},
  author={Trocm{\'e}, Nico and Fallon, Barbara and MacLaurin, Bruce and Daciuk, J and Felstiner, C and Black, T and Tonmyr, L and Blackstock, C and Barter, K and Turcotte, D and others},
  year={2010},
  publisher={Public Health Agency of Canada Ottawa}
}

@article{Hamilton1964,
  title={The genetical evolution of social behaviour. I},
  author={Hamilton, William D},
  journal={Journal of theoretical biology},
  volume={7},
  number={1},
  pages={1--16},
  year={1964},
  publisher={Elsevier}
}

@book{Becker1981,
  title={A Treatise on the Family},
  author={Becker, Gary Stanley},
  year={1981},
  publisher={Harvard university press}
}

@article{Berger2007,
  title={Socioeconomic factors and substandard parenting},
  author={Berger, Lawrence M},
  journal={Social Service Review},
  volume={81},
  number={3},
  pages={485--522},
  year={2007},
  publisher={JSTOR}
}

@article{Brandon2001,
  title={State intervention in imperfect families: The child, the state, and imperfect parenting reconsidered from a theory of caomparative advantage.},
  author={Brandon, Peter David},
  journal={Rationality and Society},
  volume={13},
  number={3},
  pages={285--303},
  year={2001},
  publisher={Sage Publications}
}

@article{Brandon1999,
  title={The state, the child, and imperfect parenting},
  author={Brandon, Peter David},
  journal={Rationality and Society},
  volume={11},
  number={4},
  pages={399--418},
  year={1999},
  publisher={Sage Publications}
}

@article{Graham2008,
  title={Happiness and health: Lessons—and questions—for public policy},
  author={Graham, Carol},
  journal={Health affairs},
  volume={27},
  number={1},
  pages={72--87},
  year={2008},
  publisher={Health Affairs}
}

@article{Chiappori1988,
  title={Rational household labor supply},
  author={Chiappori, Pierre-Andr{\'e}},
  journal={Econometrica: Journal of the Econometric Society},
  pages={63--90},
  year={1988},
  publisher={JSTOR}
}


@article{Trivers1974,
  title={Parent-offspring conflict},
  author={Trivers, Robert L},
  journal={American zoologist},
  volume={14},
  number={1},
  pages={249--264},
  year={1974},
  publisher={Soc Integ Comp Biol}
}

@book{Ridley2003,
  title={Nature via nurture: Genes, experience, and what makes us human.},
  author={Ridley, Matt},
  year={2003},
  publisher={HarperCollins Publishers}
}

@article{Plomin1994,
  title={The genetic basis of complex human behaviors},
  author={Plomin, Robert and Owen, Michael J and McGuffin, Peter},
  journal={Science},
  volume={264},
  number={5166},
  pages={1733--1739},
  year={1994},
  publisher={American Association for the Advancement of Science}
}

@article{Kashdan2008,
  title={Reconsidering happiness: The costs of distinguishing between hedonics and eudaimonia},
  author={Kashdan, Todd B and Biswas-Diener, Robert and King, Laura A},
  journal={The Journal of Positive Psychology},
  volume={3},
  number={4},
  pages={219--233},
  year={2008},
  publisher={Taylor \& Francis}
}

@article{Ryff1989,
  title={Happiness is everything, or is it? Explorations on the meaning of psychological well-being.},
  author={Ryff, Carol D},
  journal={Journal of personality and social psychology},
  volume={57},
  number={6},
  pages={1069},
  year={1989},
  publisher={American Psychological Association}
}

@article{Easterlin1974,
  title={Does economic growth improve the human lot? Some empirical evidence},
  author={Easterlin, Richard A},
  journal={Nations and households in economic growth},
  volume={89},
  year={1974}
}