@article{Slack2007,
  title={Do welfare sanctions increase child protection system involvement? A cautious answer},
  author={Slack, Kristen S and Lee, Bong Joo and Berger, Lawrence M},
  journal={Social Service Review},
  volume={81},
  number={2},
  pages={207--228},
  year={2007},
  publisher={JSTOR}
}

@article{Courtney2005,
  title={Involvement of TANF applicant families with child welfare services},
  author={Courtney, Mark E and Dworsky, Amy and Piliavin, Irving and Zinn, Andrew},
  journal={Social Service Review},
  volume={79},
  number={1},
  pages={119--157},
  year={2005},
  publisher={JSTOR}
}